<?xml version="1.0" encoding="UTF-8" ?><marc:collection xmlns:marc="http://www.loc.gov/MARC21/slim" xmlns:xsi="http://www.w3.org/2001/XMLSchema-instance" xsi:schemaLocation="http://www.loc.gov/MARC21/slim http://www.loc.gov/standards/marcxml/schema/MARC21slim.xsd">
<marc:record><marc:leader>07256nam a2200625   4500</marc:leader>
<marc:controlfield tag="001">6340</marc:controlfield>
<marc:controlfield tag="003">aeadna</marc:controlfield><marc:controlfield tag="005">20100502082800.0</marc:controlfield><marc:controlfield tag="008">970119s1908    ua    0f   ara000 0dara d</marc:controlfield><marc:datafield tag="035" ind1=" " ind2=" "><marc:subfield code="a">(Sirsi) 6340</marc:subfield></marc:datafield><marc:datafield tag="040" ind1=" " ind2=" "><marc:subfield code="a">nal</marc:subfield><marc:subfield code="b">ara</marc:subfield><marc:subfield code="e">AACR2</marc:subfield></marc:datafield><marc:datafield tag="041" ind1="0" ind2=" "><marc:subfield code="a">ara</marc:subfield></marc:datafield><marc:datafield tag="043" ind1=" " ind2=" "><marc:subfield code="a"> a------</marc:subfield><marc:subfield code="a"> f------</marc:subfield></marc:datafield><marc:datafield tag="050" ind1=" " ind2="4"><marc:subfield code="a">D17</marc:subfield><marc:subfield code="b">.T33 1908</marc:subfield></marc:datafield><marc:datafield tag="066" ind1=" " ind2=" "><marc:subfield code="c">(3</marc:subfield></marc:datafield><marc:datafield tag="082" ind1="1" ind2="0"><marc:subfield code="a">956</marc:subfield><marc:subfield code="b">21</marc:subfield></marc:datafield><marc:datafield tag="100" ind1="1" ind2=" "><marc:subfield code="a">الطبري، أبو جعفر محمد بن جرير،</marc:subfield><marc:subfield code="d">923-839م.</marc:subfield></marc:datafield><marc:datafield tag="245" ind1="1" ind2="0"><marc:subfield code="a">تاريخ الأمم والملوك /</marc:subfield><marc:subfield code="c">لأبي جعفر محمد بن جرير الطبري</marc:subfield></marc:datafield><marc:datafield tag="246" ind1="1" ind2="3"><marc:subfield code="a">تاريخ الّطبري</marc:subfield></marc:datafield><marc:datafield tag="246" ind1="1" ind2="3"><marc:subfield code="a">تاريخ الرسل والملوك</marc:subfield></marc:datafield><marc:datafield tag="246" ind1="1" ind2="3"><marc:subfield code="a">المنتخب من كتاب ذيل المذيل من تاريخ الصحابة والتابعين.</marc:subfield></marc:datafield><marc:datafield tag="250" ind1=" " ind2=" "><marc:subfield code="a">ط.1</marc:subfield></marc:datafield><marc:datafield tag="260" ind1=" " ind2=" "><marc:subfield code="a">[القاهرةٍِ] :</marc:subfield><marc:subfield code="b">المطبعة الحسينية المصرية،</marc:subfield><marc:subfield code="c">[1326 هـ.] [1908]</marc:subfield></marc:datafield><marc:datafield tag="300" ind1=" " ind2=" "><marc:subfield code="a">13 ج. في 6 مج ؛</marc:subfield><marc:subfield code="c">24 سم.</marc:subfield></marc:datafield><marc:datafield tag="440" ind1=" " ind2="0"><marc:subfield code="a"></marc:subfield></marc:datafield><marc:datafield tag="490" ind1=" " ind2=" "><marc:subfield code="a"></marc:subfield></marc:datafield><marc:datafield tag="490" ind1=" " ind2=" "><marc:subfield code="a">روائع التراث العربي؛</marc:subfield></marc:datafield><marc:datafield tag="500" ind1=" " ind2=" "><marc:subfield code="a">طبع الكتاب على نفقة الّسيد محمد عبد اللطيف الخطيب وشركاه، وكان الانتهاء من طباعته - كما ورد في نهاية الجزء الثاني عشر في أوائل الربيعين سنة ألف وثلثمائة وستة وعشرين من هجرة سيد المرسلين.</marc:subfield></marc:datafield><marc:datafield tag="500" ind1=" " ind2=" "><marc:subfield code="a">نبذة من سيرة المؤلف: محمد بن جرير بن يزيد بن كثير بن غالب الشهير بالإمام أبو جعفر الطبري، (224 هـ - 310 هـ - 839 - 923م)، مفّسر ومؤّرخ وفقيه، وُلِّقَب بإمام المفسرين، ولد بآُمل عاصمة إقليم طبرستان، ارتحل إلى الري وبغداد والكوفة والبصرة، وذهب إلى مصر فسار إلى الفسطاط في سنة 253 هـ وأخذ على علمائها علوم مالك والشافعي وابن وهب،  ورجع واستوطن بغداد، قال الخطيب البغدادي:  &quot;كان حافًظا لكتاب الله، عارًفا بالقراءات، بصيًرا بالمعاني، فقيًها في أحكام القرآن، عالًما بالسنن وطرقها، وصحيحها وسقيمها، وناسخها ومنسوخها، عارًفا بأقوال الصحابة والتابعين، ومن بعدهم من الخالفين في الأحكام، ومسائل الحلال والحرام، عارُفا بأيام الناس وأخبارهم&quot; ، ُعِرَض عليه القضاء فامتنع، والمظالم فأبى، له العديد من التصانيف</marc:subfield></marc:datafield><marc:datafield tag="500" ind1=" " ind2=" "><marc:subfield code="a">ُوِلد في طَبِرستان في مدينة آمل، وهناك مدينتين تحمل أسم آمل وهناك خلاف حول أي المدينتين التي ينتمي لها الطبري ويرجح بعض الباحثين أن المقصودة التي في تركمانستان، عام 224 هـ، ونسبه بعض العلماء إلى قبيلة الأزد اليمنية والتي أستوطن قسم منها في المشرق الإسلامي وهو الأرجح، وكان ينأى بنفسه عن الخوض في الأنساب، وزعم المستشرق بروكلمان أنه من عنصر أعجمي ، نشأ الطبري بآمل، وتربى في أحضان والده وغمره برعايته، وتفرس فيه النباهة والذكاء والرغبة في العلم فتولى العناية به ووَّجهه منذ الطفولة إلى حفظ القرآن الكريم، كما هي عادة المسلمين في مناهج التربية الإسلامية، وخاصًة أن والده رأى رؤيا تفاءل بها خيًرا عند تأويلها. فقد رأى أبوه رؤيا في منامه أن ابنه واقف بين يدي الرسول ومعه مخلاة مملوءة بالأحجار، وهو يرمي بين يدي رسول الله، وقَّص الأب على ُمَعِّبٍر رؤياه فقال له: &quot;إن ابنك إن كبر نصح في دينه، وذَّب عن شريعة ربه&quot;. ويظهر أن الوالد أخبر ولده بهذه الرؤيا وقصها عليه عدة مرات؛ فكانت حافًزا له على طلب العلم والجد والاجتهاد فيه والاستزادة من معينه، والانكباب على تحصيله ثم العمل به، والتأليف فيه؛ ليدافع عن الحق والدين ، وظهرت على الطبري في طفولته سمات النبوغ الفكري، وبدت عليه مخايل التفتح الحاد والذكاء الخارق والعقل المتقد، والملكات الممتازة، وأدرك والده ذلك فعمل على تنميتها وحرص على الإفادة والاستفادة منها؛ فوَّجهه إلى العلماء ومعاهد الدراسة، وساعده على استغلال كل هذه الطاقات دون أن يشغله بشيء من شؤون الحياة ومطالبها، وخصص له المال للإنفاق على العلم والتعلم، وسرعان ما حقق الطبري أحلام والده، وزاد له في آماله وطموحه. وقد حرص والده على إعانته على طلب العلم منذ صباه، ودفعه إلى تحصيله، فما كاد الصبي الصغير يبلغ السن التي تؤهله للتعليم، حتى قدمه والده إلى علماء آمل، وشاهدته دروب المدينة ذاهًبا آيًبا يتأبط دواته وقرطاسه. وسرعان ما تفتح عقله، وبدت عليه مخايل النبوغ والاجتهاد، حتى قال عن نفسه: &quot;حفظت القرآن ولي سبع سنين، وصليت بالناس وأنا ابن ثماني سنين، وكتبت الحديث وأنا في التاسعة&quot;.</marc:subfield></marc:datafield><marc:datafield tag="500" ind1=" " ind2=" "><marc:subfield code="a">لون الورق : أصفر.</marc:subfield></marc:datafield><marc:datafield tag="500" ind1=" " ind2=" "><marc:subfield code="a">يعرف هذا الكتاب أيًضا بتاريخ الطبري. وبتاريخ الّرسل والملوك. وقد أّرخ من بدء الخلق حتى سنة 320 هجرية حيث ختمه بعبارة:&quot; ..وهذا ما انتهى إلينا من هذا التاريخ والحمد لله رّب العالمين وحسبنا الله ونعم الوكيل وصلى الله على سيدنا محمد المصطفى وآله الطاهرين الطيبين وسلم تسليًما ..&quot;. ثّم تلا الجزء الثني عشر الجز الثالث عشر: &quot;المنتخب من كتاب ذْيل المذّيل من تاريخ الصحابة والتابعين&quot; تصنيف أبي جعفر محمد بن جرير بن يزيد الطبري.</marc:subfield></marc:datafield><marc:datafield tag="500" ind1=" " ind2=" "><marc:subfield code="a">حالة الصفحات الأولى من الجزء الأول تحتاج إلى صيانة وترميم.</marc:subfield></marc:datafield><marc:datafield tag="500" ind1=" " ind2=" "><marc:subfield code="a">الجزء الثاني عشر :صلة تاريخ الطبري / لعريب بن سعد القرطبي .</marc:subfield></marc:datafield><marc:datafield tag="500" ind1=" " ind2=" "><marc:subfield code="a"> الجزء الثالث عشر:  المنتخب من كتاب ذيل المذّيل من تاريخ الصحابة والتابعين / تصنيف أبي جعفر محمد بن جرير الطبري.</marc:subfield></marc:datafield><marc:datafield tag="500" ind1=" " ind2=" "><marc:subfield code="a">استخدم قلم الّرصاص في وضع خطوط تحت أسطر كثيرة من الكتاب.</marc:subfield></marc:datafield><marc:datafield tag="505" ind1="1" ind2=" "><marc:subfield code="t">منتخب من كتاب ذيل المذيل من تاريخ الصحابة والتابعين/</marc:subfield><marc:subfield code="r">عريب بن سعد القرطبي</marc:subfield><marc:subfield code="g">مج12.-</marc:subfield><marc:subfield code="t">المنتخب من كتاب ذيل المذيل من تاريخ الصحابة والتابعين/</marc:subfield><marc:subfield code="r">تصنيف أبي جعفر محمد بن جرير الطبري.</marc:subfield><marc:subfield code="g">مج12</marc:subfield></marc:datafield><marc:datafield tag="520" ind1=" " ind2=" "><marc:subfield code="a">تاريخ الأمم والملوك أو تاريخ الرسل والملوك المعروف بـ تاريخ الطبري هو كتاب في التاريخ وهو يؤرخ من بدء الخلق إلى نهاية سنة 302 هـ، وقيل سنة 309 هـ. بدأه الطبري من أخبار آدم إلى أن انتهى بأخبار زمانه. والكتاب على طريق الأخبار وبالتسلسل، وغالبه بالأسانيد، ولم يشترط الطبري ثبوت جميع ما فيه، بل أخذ بمبدأ &amp;#xab;من أسند فقد أحال&quot;. حيث يقول الطبري في مقدمة الكتاب:  &amp;#xab;فما يكن في كتابي هذا من خبر ذكرناه عن بعض الماضين مما يستنكره قارئه، أو يستشنعه سامعه، من أجل أنه لم يعرف له وجًها في الصحة، ولا معنى في الحقيقة، فليعلم أنه لم يؤت في ذلك من قبلنا، وإنما أتى من قبل بعض ناقليه إلينا، وأنا إنما أدينا ذلك على نحو ما أدى إلينا&quot;.    من طبعات الكتاب المبكرة:   طبع في ليدن بين سنة 1879 - 1901 م باعتناء دي خويه وغيره من المستشرقين. و في المطبعة الحسينية بمصر سنة 1326 هـ بعناية  محمد  عبد اللطيف الخطيب وشركاه.</marc:subfield></marc:datafield><marc:datafield tag="650" ind1=" " ind2="4"><marc:subfield code="a">العالم</marc:subfield><marc:subfield code="x">تاريخ</marc:subfield><marc:subfield code="v">الأعمال المبكرة حتى 1800.</marc:subfield></marc:datafield><marc:datafield tag="650" ind1=" " ind2="4"><marc:subfield code="a">التاريخ الإسلامي</marc:subfield><marc:subfield code="v">الأعمال المبكرة حتى 1800.</marc:subfield></marc:datafield><marc:datafield tag="650" ind1=" " ind2="4"><marc:subfield code="a">العباسيون</marc:subfield><marc:subfield code="x">تاريخ</marc:subfield><marc:subfield code="v">الأعمال المبكرة حتى 1800.</marc:subfield></marc:datafield><marc:datafield tag="650" ind1=" " ind2="4"><marc:subfield code="a">الأمويون</marc:subfield><marc:subfield code="x">تاريخ</marc:subfield><marc:subfield code="v">الأعمال المبكرة حتى 1800.</marc:subfield></marc:datafield><marc:datafield tag="650" ind1=" " ind2="4"><marc:subfield code="a">الخلفاء الراشدون</marc:subfield><marc:subfield code="x">تاريخ</marc:subfield><marc:subfield code="v">الأعمال المبكرة حتى 1800.</marc:subfield></marc:datafield><marc:datafield tag="650" ind1=" " ind2="4"><marc:subfield code="a">العرب</marc:subfield><marc:subfield code="x">تاريخ</marc:subfield><marc:subfield code="v">الأعمال المبكرة حتى 1800.</marc:subfield></marc:datafield><marc:datafield tag="533" ind1=" " ind2=" "><marc:subfield code="a">نسخة مصورة</marc:subfield></marc:datafield><marc:datafield tag="651" ind1=" " ind2="4"><marc:subfield code="a">العالم العربي</marc:subfield><marc:subfield code="x">تاريخ</marc:subfield><marc:subfield code="v">الأعمال المبكرة حتى 1800.</marc:subfield></marc:datafield><marc:datafield tag="700" ind1="0" ind2=" "><marc:subfield code="a">عريب بن سعد،</marc:subfield><marc:subfield code="d">ت. 979 أو 80.</marc:subfield><marc:subfield code="t">صلة تاريخ الطبري</marc:subfield></marc:datafield><marc:datafield tag="700" ind1="1" ind2=" "><marc:subfield code="a">الطبري، أبو جعفر محمد بن جرير،</marc:subfield><marc:subfield code="d">923-839م.</marc:subfield><marc:subfield code="t">المنتخب من كتاب ذيل المذيل من تاريخ الصحابة والتابعين</marc:subfield></marc:datafield><marc:datafield tag="775" ind1="0" ind2=" "><marc:subfield code="a">الطبري، أبي جعفر محمد بن جرير،</marc:subfield><marc:subfield code="b">طبعة جديدة منقحة ومفهرسة</marc:subfield><marc:subfield code="d">بيروت : دار الفكر، 1979م.</marc:subfield><marc:subfield code="t">تاريخ الأمم والملوك /</marc:subfield></marc:datafield><marc:datafield tag="949" ind1=" " ind2=" "><marc:subfield code="a">956 ظ ب ت ا</marc:subfield><marc:subfield code="v">6</marc:subfield><marc:subfield code="w">DDC</marc:subfield><marc:subfield code="i">30018000012117</marc:subfield><marc:subfield code="u">08/24/2008</marc:subfield><marc:subfield code="d">04/26/2010</marc:subfield><marc:subfield code="e">08/24/2008</marc:subfield><marc:subfield code="n">1</marc:subfield><marc:subfield code="t">Book</marc:subfield><marc:subfield code="l">i</marc:subfield><marc:subfield code="m">MAIN</marc:subfield><marc:subfield code="j">0</marc:subfield><marc:subfield code="x">RAR</marc:subfield></marc:datafield><marc:datafield tag="949" ind1=" " ind2=" "><marc:subfield code="a">956 ظ ب ت ا</marc:subfield><marc:subfield code="v">1</marc:subfield><marc:subfield code="w">DDC</marc:subfield><marc:subfield code="i">30018000012112</marc:subfield><marc:subfield code="u">06/22/2003</marc:subfield><marc:subfield code="d">04/26/2010</marc:subfield><marc:subfield code="e">08/21/2008</marc:subfield><marc:subfield code="n">1</marc:subfield><marc:subfield code="t">Book</marc:subfield><marc:subfield code="l">i</marc:subfield><marc:subfield code="m">MAIN</marc:subfield><marc:subfield code="j">0</marc:subfield><marc:subfield code="x">RAR</marc:subfield></marc:datafield><marc:datafield tag="949" ind1=" " ind2=" "><marc:subfield code="a">956 ظ ب ت ا</marc:subfield><marc:subfield code="v">2</marc:subfield><marc:subfield code="w">DDC</marc:subfield><marc:subfield code="i">30018000012118</marc:subfield><marc:subfield code="u">06/22/2003</marc:subfield><marc:subfield code="d">04/26/2010</marc:subfield><marc:subfield code="n">0</marc:subfield><marc:subfield code="t">Book</marc:subfield><marc:subfield code="l">av</marc:subfield><marc:subfield code="m">MAIN</marc:subfield><marc:subfield code="x">RAR</marc:subfield></marc:datafield><marc:datafield tag="949" ind1=" " ind2=" "><marc:subfield code="a">956 ظ ب ت ا</marc:subfield><marc:subfield code="v">3</marc:subfield><marc:subfield code="w">DDC</marc:subfield><marc:subfield code="i">30018000012113</marc:subfield><marc:subfield code="u">06/22/2003</marc:subfield><marc:subfield code="d">04/26/2010</marc:subfield><marc:subfield code="e">08/21/2008</marc:subfield><marc:subfield code="n">1</marc:subfield><marc:subfield code="t">Book</marc:subfield><marc:subfield code="l">i</marc:subfield><marc:subfield code="m">MAIN</marc:subfield><marc:subfield code="j">0</marc:subfield><marc:subfield code="x">RAR</marc:subfield></marc:datafield><marc:datafield tag="949" ind1=" " ind2=" "><marc:subfield code="a">956 ظ ب ت ا</marc:subfield><marc:subfield code="v">5</marc:subfield><marc:subfield code="w">DDC</marc:subfield><marc:subfield code="i">30018000012114</marc:subfield><marc:subfield code="u">06/22/2003</marc:subfield><marc:subfield code="d">04/26/2010</marc:subfield><marc:subfield code="n">0</marc:subfield><marc:subfield code="t">Book</marc:subfield><marc:subfield code="l">i</marc:subfield><marc:subfield code="m">MAIN</marc:subfield><marc:subfield code="j">0</marc:subfield><marc:subfield code="x">RAR</marc:subfield></marc:datafield><marc:datafield tag="949" ind1=" " ind2=" "><marc:subfield code="a">956 ظ ب ت ا</marc:subfield><marc:subfield code="v">4</marc:subfield><marc:subfield code="w">DDC</marc:subfield><marc:subfield code="i">30018000012116</marc:subfield><marc:subfield code="u">06/22/2003</marc:subfield><marc:subfield code="d">04/26/2010</marc:subfield><marc:subfield code="e">08/24/2008</marc:subfield><marc:subfield code="n">1</marc:subfield><marc:subfield code="t">Book</marc:subfield><marc:subfield code="l">i</marc:subfield><marc:subfield code="m">MAIN</marc:subfield><marc:subfield code="j">0</marc:subfield><marc:subfield code="x">RAR</marc:subfield></marc:datafield></marc:record>
</marc:collection>
